@MISC{McConnell07:TechnicalDebt,
title = {Steve McConnell: Technical Debt},
howpublished = {\url{http://www.construx.com/10x_Software_Development/Technical_Debt/}},
note = {Accessed: 2016-08-01}}

@MISC{MartinFowler:TechnicalDebtQuadrant,
title = {Martin Fowler: Technical Debt Quadrant},
howpublished = {\url{http://www.martinfowler.com/bliki/TechnicalDebtQuadrant.html}},
note = {Accessed: 2016-08-01}}

@INPROCEEDINGS{Cunningham1992WPM,
author = {Cunningham, W.},
title = {The WyCash Portfolio Management System},
booktitle = {Addendum to the Proceedings on Object-oriented Programming Systems, Languages, and Applications},
year = {1992},
pages = {29--30}} 

@ARTICLE{Falessi2014MTD,
title = {Technical debt at the crossroads of research and practice: report on the fifth international workshop on managing technical debt},
author = {Davide Falessi and Philippe Kruchten and Robert L. Nord and Ipek Ozkaya},
journal = {{ACM} {SIGSOFT} Software Engineering Notes},
pages = {31--33},
year = {2014}}

@INPROCEEDINGS{Potdar2014ICSME, 
author={Potdar, A. and Shihab, E.}, 
title={An Exploratory Study on Self-Admitted Technical Debt}, 
booktitle={Proceedings of the IEEE International Conference on Software Maintenance and Evolution}, 
year={2014}, 
pages={91--100}}

@INPROCEEDINGS{Zazworka2013CSE,
author = {Zazworka, N. and Spinola, R. O. and Vetro, A. and Shull, F. and Seaman, C.},
title = {A Case Study on Effectively Identifying Technical Debt},
booktitle = {Proceedings of the 17th International Conference on Evaluation and Assessment in Software Engineering},
year = {2013},
pages = {42--47}} 

@INPROCEEDINGS{Zazworka2011MTD,
author = {Zazworka, N. and Shaw, M. A. and Shull, F. and Seaman, C.},
title = {Investigating the Impact of Design Debt on Software Quality},
booktitle = {Proceedings of the 2nd International Workshop on Managing Technical Debt},
year = {2011},
pages = {17--23}} 

@INPROCEEDINGS{Fontana2012MTD, 
author={Fontana, F.A. and Ferme, V. and Spinelli, S.}, 
title={Investigating the impact of code smells debt on quality code evaluation}, 
booktitle={Proceedings of the 3rd International Workshop on Managing Technical Debt}, 
year={2012}, 
pages={15--22}}

@INPROCEEDINGS{Fluri2007WCRE, 
author={Fluri, B. and Wursch, M. and Gall, H.C.}, 
title={Do Code and Comments Co-Evolve? On the Relation between Source Code and Comment Changes}, 
booktitle={Proceedings of the 14th Working Conference on Reverse Engineering}, 
year={2007}, 
pages={70--79}}

@INPROCEEDINGS{Tan2012ICST, 
author={Tan, S. H. and Marinov, D. and Tan, L. and Leavens, G.T.}, 
title={@tComment: Testing Javadoc Comments to Detect Comment-Code Inconsistencies}, 
booktitle={Proceedings of the IEEE Fifth International Conference on Software Testing, Verification and Validation}, 
year={2012}, 
pages={260--269}}

@INPROCEEDINGS{Malik2008ICSM, 
author={Malik, H. and Chowdhury, I. and Hsiao-Ming, T. and Jiang, Z. M. and Hassan, A.E.}, 
title={Understanding the rationale for updating a function comment}, 
booktitle={Proceedings of the IEEE International Conference on Software Maintenance}, 
year={2008}, 
pages={167--176}}

@INPROCEEDINGS{Storey2008ICSE, 
author={Storey, M. and Ryall, J. and Bull, R.I. and Myers, D. and Singer, J.}, 
title={TODO or to bug}, 
booktitle={Proceedings of the 30th International Conference on Software Engineering}, 
year={2008}, 
pages={251--260}}

@INCOLLECTION{Seaman2011,
author = {Seaman, C. and Guo, Y.},
title = {Chapter 2 - Measuring and Monitoring Technical Debt },
publisher = {Elsevier},
year = {2011},
editor = {Marvin V. Zelkowitz},
volume = {82},
pages = {25--46},
series = {Advances in Computers}}

@ARTICLE{Kruchten2013IWMTD,
title = {Technical Debt: Towards a Crisper Definition Report on the 4th International Workshop on Managing Technical Debt},
author = {Kruchten, P. and Nord, R. L. and Ozkaya, I. and Falessi, D.},
journal = {SIGSOFT Softw. Eng. Notes},
pages = {51--54},
year = {2013},
publisher = {ACM}} 

@INPROCEEDINGS{Brown2010MTD,
author = {Brown, N. and Cai, Y. and Guo, Y. and Kazman, R. and Kim, M. and Kruchten, P. and Lim, E. and MacCormack, A. and Nord, R. and Ozkaya, I. and Sangwan, R. and Seaman, C. and Sullivan, K. and Zazworka, N.},
title = {Managing Technical Debt in Software-reliant Systems},
booktitle = {Proceedings of the FSE/SDP Workshop on Future of Software Engineering Research},
year = {2010},
pages = {47--52}}

@INPROCEEDINGS{Spinola2013MTD, 
author={Spinola, R.O. and Zazworka, N. and Vetrò, A. and Seaman, C. and Shull, F.}, 
title={Investigating technical debt folklore: Shedding some light on technical debt opinion}, 
booktitle={Managing Technical Debt (MTD), 2013 4th International Workshop on}, 
year={2013}, 
pages={1--7}}

@INPROCEEDINGS{Alves2014MTD, 
author={Alves, N.S.R. and Ribeiro, L.F. and Caires, V. and Mendes, T.S. and Spinola, R.O.}, 
title={Towards an Ontology of Terms on Technical Debt}, 
booktitle={Proceedings of the 6th International Workshop on Managing Technical Debt}, 
year={2014}, 
pages={1--7}}

@MANUAL{wheeler2004:home,
title={SLOC count user’s guide},
author={Wheeler, D. A.},
year={2004},
url={http://www.dwheeler.com/sloccount/sloccount.html}}

@MISC{Openhub:home,
title = {{OpenHub homepage}},
howpublished = {\url{https://www.openhub.net/}},
note = {Accessed: 2014-12-12}}

@INPROCEEDINGS{Tsantalis2008CSMR, 
author={Tsantalis, N. and Chaikalis, T. and Chatzigeorgiou, A.}, 
title={JDeodorant: Identification and Removal of Type-Checking Bad Smells}, 
booktitle={Proceedings of the 12th European Conference on Software Maintenance and Reengineering}, 
year={2008}, 
pages={329--331}}