% Bibilography of articles and talks by Peter Grogono.
% Entries are ordered chronologically. Single author papers
% are listed last in each year.

% Abbreviations are defined in abbr.bib.

% Explanation of the field "kind"

% BK  Book
% EJ  Edited journal
% IT  Invited talk
% RC  Refereed conference
% RJ  Refereed journal
% SU  Submitted to journal or conference
% TH  Thesis
% TR  Technical report
% UN  Unrefereed journal or magazine
% PR  In preparation

%------------------------ 1966

@techreport{grog66, author=pg, title="Computer Aided Pattern
Classification", institution="Electrical and Musical Industries
(Electronics) Limited, London, UK", year=1966, note="120pp", kind="TR"}

%------------------------ 1967

@techreport{grog67, author=pg, title="Operation of Diagnostic Programs for
Guidance Systems", institution="Electric and Musical Industries
(Australia) Pty, Adelaide, South Australia", month=aug, year=1967,
note="50pp", kind="TR"}

%------------------------ 1968

%------------------------ 1969

%------------------------ 1970

@techreport{grog70a, author="P. Grogono and P. Zinovieff", title="MUSYS
Handbook", institution=ems, year=1970, note="430pp", kind="TR"}

@techreport{grog70b, author=pg, title="HIGHWAYS--1: Implementation
Manual", institution=asp, year=1970, note="70pp", kind="TR"}

@techreport{grog70c, author=pg, title="HIGHWAYS--1: User Manual",
institution=asp, year=1970, note="150pp", kind="TR"}

%------------------------ 1971

@techreport{grog71a, author=pg, title="Synthi A Handbook",
institution=ems, year=1971, note="60pp", kind="TR"}

@techreport{grog71b, author=pg, title="Synthi AKS Handbook",
institution=ems, year=1971, note="80pp", kind="TR"}

%------------------------ 1972

@techreport{grog72a, author=pg, title="Sequencer 256 Handbook",
institution=ems, year=1972, note="25pp", kind="TR"}

@techreport{grog72b, author=pg, title="Studio Reference Manual",
institution=ems, year=1972, note="150pp", kind="TR"}

@techreport{grog72c, author=pg, title="CORGI: An Interactive
Coordinate Geometry System (Implementation Manual)", institution=asp,
year=1972, note="70pp", kind="TR"}

@techreport{grog72d, author=pg, title="CORGI: An Interactive
Coordinate Geometry System (User Manual)", institution=asp,
year=1972, note="30pp", kind="TR"}

%------------------------ 1973

@techreport{grog73a, author=pg, title="COLUMBINE: A Reinforced Concrete
Analysis Program (Implementation Manual)", institution=asp, year=1973,
note="40pp", kind="TR"}

@techreport{grog73b, author=pg, title="COLUMBINE: A Reinforced Concrete
Analysis Program (User Manual)", institution=asp, year=1973,
note="15pp", kind="TR"}

@article{grog73c, author=pg, title="MUSYS: software for an electronic music
studio", journal=spe, volume=3, number=4, pages="369-83", year=1973,
kind="RJ"}

%------------------------ 1974

%------------------------ 1975

%------------------------ 1976

%------------------------ 1977

@article{gint77, author="D. Ginter and F. Bode and P. Grogono", title="A
review of optimal input methods: fixed field, free field, and the edited
text", journal="Historical Methods", volume=10, number=4, pages="166-76",
year=1977, kind="RJ"}

%------------------------ 1978

@book{grog78a, author=pg, title="Programming in Pascal",
publisher="Addison-Wesley", year=1978, note="Revised edition, 1980. Second
edition, 1984.", kind="BK"}

@techreport{grog78b, author=pg, title="Computer Centre Handbook",
institution="Computer Centre, Concordia University", note="Ten volumes",
year=1978, kind="TR"}

%------------------------ 1979

@article{grog79a, author=pg, title="On Layout, Identifiers, and Semicolons
in {Pascal} Programs", journal=sigplan, volume=14, number=4, pages="35-40",
year=1979, kind="UN"}

@article{grog79b, author=pg, title="MOUSE: A Language for Microcomputers",
journal="BYTE", volume=4, number=7, pages="198-220", month=jul, year=1979,
kind="EJ"}

@article{grog79c, author=pg, title="Case Statements and Related Topics",
journal="BYTE", volume=4, number=10, pages="178-82", month=oct, year=1979,
kind="EJ"}

@mastersthesis{grog79d, author=pg, title="Aspects of Programming Language
Design", school=dcs, month=oct, year=1979, kind="TH"}

%------------------------ 1980

@book{grog80a, author=pg, title="Programming in Pascal with Pascal/1000",
publisher="Addison-Wesley", year=1980, note="Edition of {\it Programming
in Pascal} for Hewlett-Packard", kind="BK"}

@conference{grog80b, author=pg, title="The {Pascal} Perspective",
booktitle="Languages and Tools for Microcomputing", publisher="BYTE",
address="New York, NY", month=may, year=1980, kind="RC"}

%------------------------ 1981

@article{grog81, author=pg, title="State and Process", journal="Computers
in Schools", volume=3, number=5, pages="18-20", year=1981, note="Invited
paper", kind="EJ"}

%------------------------ 1982

@conference{lam82, author="C. Lam and J. Atwood and S. Cabilio and B. Desai
and P. Grogono and J. Opatrny", title="A multiprocessor project for
combinatorial computing", booktitle="Proceedings CIPS 1982 Conference",
address="Saskatoon, Sask., Canada", year=1982, pages="325-9", kind="RC"}

@conference{desa82, author="B. Desai and J. Opatrny and C. Lam and P.
Grogono and S. Cabilio and J. Atwood", title="NOVAC: a non-tree variable
tree for combinatorial computing", booktitle="Proceedings 1982 IEEE
International Conference on Parallel Computing", year=1982, pages="193-6",
kind="RC"}

@book{grog82a, author="P.D. Grogono and S.H. Nelson", title="Problem
Solving and Computer Programming", publisher="Addison-Wesley", year=1982,
kind="BK"}

@techreport{grog82b, author=pg, title="Preliminary report on the language
Pascal-C", number="MP-1", institution=dcs, month=jun,
year=1982, kind="TR"}

@techreport{grog82c, author=pg, title="Communications in a Pascal-C
System", number="MP-2", institution=dcs, month=nov, year=1982, kind="TR"}

%------------------------ 1983

@book{grog83a, author=pg, title="MOUSE: A Language for Microcomputers",
publisher="Petrocelli Books", year=1983, kind="BK"}

@misc{grog83b, author=pg, title="Extensions to {Pascal} for
Combinatorial Computing on a Multiprocessor", note="WG 2.4, Tempe,
Arizona", month=mar, year=1983, kind="IT"}

@techreport{grog83c, author=pg, title="Report on the Language Pascal-C",
number="MP-3", institution=dcs, month=mar, year=1983, kind="TR"}

@misc{grog83d, author=pg, title="Proposal for a Typed, Applicative
Programming Environment", note="WG 2.1, Munich, Bavaria",
month=may, year=1983, kind="IT"}

@article{nels83, author="S. H. Nelson", title="Bemused, Branded, and
Belittled: Women and Writing in Canada", journal="Fireweed", volume=15,
mon=dec, year=1983, kind="UN"}

%------------------------ 1984

@misc{grog84a, author=pg, title="A System Development Language for
Microcomputers", note="WG 2.4, Pittsburgh, Pennsylvania", month=mar,
year=1984, kind="IT"}

@conference{grog84b, author="P. Grogono and V. Alagar", title="An
Environment for High-level Program Development",
booktitle="Programmiersprachen und Programmentwicklung: 8 Fachtagung",
editor="Urs Ammann", series="Informatik-Fachberichte", address={Z\"urich,
Switzerland}, publisher="Springer", pages="144-55", year=1984, kind="RC"}

@conference{desa84, author="B. Desai and J. Opatrny and L. Thiel and P.
Grogono and C. Lam and S. Cabilio and J. Atwood", title="{Pascal-C:} a
language for combinatorial computing", booktitle="Proceedings 9th ICS",
address="Taipei, Taiwan", year=1984, kind="RC"}

%------------------------ 1985

@phdthesis{grog85a, author=pg, title="A Typed, Applicative Programming
Environment", school=dcs, month=feb, year=1985, kind="TH"}

@misc{grog85b, author=pg, title="Program the computer, not the child",
note="Department of Mathematics, Concordia University", month=mar,
year=1985, kind="IT"}

%------------------------ 1986

@conference{alag86a, author="V. Alagar and P. Grogono and G. Ramanathan",
title="A functional language for robotic programming",
booktitle="Proceedings Japan-U.S.A. Symposium on Flexible Automation",
address="Osaka, Japan", year=1986, pages="739-47", kind="RC"}

@conference{alag86b, author="V. Alagar and P. Grogono and G. Ramanathan",
title="On the design of a programmable robotic system",
booktitle="Proceedings IFAC International Symposium of Theory of Robots",
address="Vienna", year=1986, pages="315-318", kind="RC"}

@misc{grog86a, author=pg, title="{SDI} Software", note="McGill University",
month=feb, year=1986, kind="IT"}

@techreport{grog86b, author=pg, title="Type Inference with Overloading and
Coercion", number="PLSG-7", institution=dcs, month=mar, year=1986, kind="TR"}

@techreport{grog86c, author=pg, title="The Book of {D}ee", number="PLSG-8",
institution=dcs, month=aug, year=1986, note="Revised 1990", kind="TR"}

@techreport{grog86d, author=pg, title="BIAS User Manual", number="PLSG-10",
institution=dcs, month=oct, year=1986, kind="TR"}

%------------------------ 1987

@conference{fanc87a, author="T. Fancott and P. Grogono and H. Polley",
title="Manipulator guidance using visual feedback", booktitle="Proceedings
of the Second International Conference on Robotics and Factories of the
Future", address="San Diego", year=1987, pages="489-496", kind="RC"}

@techreport{fanc87b, author="T. Fancott and P. Grogono and H. Polley",
title="Adaptive control of a robot arm using visual feedback",
institution=dcs, month=sep, year=1987, kind="TR"}

@misc{grog87a, author=pg, title="Real-time Functional Programming",
note="Department of Computer Science, UBC", month=mar, year=1987,
kind="IT"}

@misc{grog87b, author=pg, title="Real-time Functional Programming",
note="Department of Computer Science, Bishop's University", month=mar,
year=1987, kind="IT"}

@article{grog87c, author=pg, title="{SDI} Software", journal="Globe and Mail,
Toronto", year=1987, kind="UN"}

@conference{grog87d, author=pg, title="Real-time functional programming",
booktitle="Proceedings of the Second International Conference on Robotics
and Factories of the Future", address="San Diego", year=1987,
pages="743-750", kind="RC"}

%------------------------ 1988

@conference{grog88d, author="P. Grogono and N. Leoutsarakos",
title="Beyond undo: the software time machine", booktitle="Proceedings
CIPS Edmonton '88 Conference", address="Edmonton, Alberta, Canada",
year=1988, pages="274-284", kind="RC"}

@conference{grog88e, author="P. Grogono and A. Bennett and C. Coyle and N.
Leoutsarakos and A. Steele and D. Vouliouris", title="Equilibrium
Programming", booktitle="Proceedings CIPS Edmonton '88 Conference",
year=1988, address="Edmonton, Alberta, Canada", pages="257-262", kind="RC"}

@article{grog88a, author=pg, title="Functional, Logic, and Database
Programming Combined: an Introduction to {Trilogy}", journal="Computer
Language", volume=5, number=4, pages="83-89", year=1988, kind="EJ"}

@conference{grog88b, author=pg, title="Myths and realities in the nuclear
age", booktitle="Conference on Science, Sanity, and Global
Responsibility", address="Brock University, Canada", note="Invited paper",
year=1988, kind="RC"}

@misc{grog88c, author=pg, title="The Strategic Defense Initiative",
note="Panel Discussion, Conference on Science, Sanity, and Global
Responsibility, Brock University, Canada", month=jul, year=1988, kind="IT"}

%------------------------ 1989

@conference{okad89a, author="M. Okada and P. Grogono", title="Practical
applications of term rewriting systems", booktitle="Proceedings IX Int'l.
Conf. Chilean Computer Science Society and XV Latin American Conf. on
Informatics", address="Santiago, Chile", year=1989, kind="RC"}

@conference{okad89b, author="M. Okada and P. Grogono", title="Applications
and results of term rewriting theory", booktitle="Proceedings of the
Fourth International Conference on Symbolic and Logical Computing",
address="Madison, South Dakota", pages="214-229", year=1989, kind="RC"}

@techreport{suen89a, author="C. Suen and P. Grogono and R. Shinghal",
title="Applicability of Software Engineering Techniques to Expert Systems",
institution=cenparmi, note="Report for Bell Canada", month=sep, year=1989,
kind="TR"}

@conference{suen89b, author="C. Suen and P. Grogono and R. Shinghal and F.
Coallier", title="Evaluation of Expert Systems", booktitle="Proceedings
of the First Expert Systems Applications World Conference (EXPERSYS-89)",
editor="J. Liebowitz", pages="103-114", publisher="IITT-International,
Gournay-sur-Marne, France", month=oct, year=1989, note="Keynote address",
kind="RC"}

@techreport{suen89c, author="C. Suen and P. Grogono and R. Shinghal",
title="Expert Systems V\&V", institution=cenparmi, note="Presented at Bell
Canada Quality Engineering Workshop", mon=oct, year=1989, kind="RC"}

@conference{grog89a, author="P. Grogono and W. Jaworski", title="Software
development as knowledge acquisition using {jMaps}",
booktitle="Proceedings of the Canadian Conference on Electrical and
Computer Engineering", address={Montr\'eal}, pages="950-7", year= 1989,
kind="RC"}

@article{grog89b, author="P. Grogono and A. Bennett", title="Polymorphism
and Type Checking in Object-Oriented Languages", journal=sigplan,
volume=24, number=11, pages="109-115", month=nov, year=1989, kind="UN"}

@article{grog89c, author=pg, title="Meaning and process in mathematics and
programming", journal="For the Learning of Mathematics", volume=9,
number=1, pages="14-19", year=1989, kind="EJ"}

@article{grog89d, author=pg, title="Comments, Assertions, and Pragmas",
journal=sigplan, volume=24, number=3, pages="79-84", month=mar, year=1989,
kind="UN"}

@misc{grog89e, author=pg, title="Multiple Inheritance", note="Department
of Mathematics and Computer Science, {Universit\'e de Qu\'ebec \`a
Montr\'eal}", month=apr, year=1989, kind="IT"}

@misc{grog89f, author=pg, title="The Role of Inheritance in
Object-oriented Programming", note="Seminar on Object-oriented Databases,
57th ACFAS Congress, {Universit\'e de Qu\'ebec \`a Montr\'eal}",
month=may, year=1989, kind="IT"}

@techreport{grog89g, author="P. Grogono and A. Bennett", title="A Model
for Inheritance in Object-Oriented Languages", number="OOP--89--1",
institution=dcs, month=jun, year=1989, kind="TR"}

@techreport{grog89h, author=pg, title="Design Criteria for a
Simple Object-Oriented Language", number="OOP--89--5",
institution=dcs, month=jun, year=1989, kind="TR"}

@techreport{grog89i, author=pg, title="Definitions for Expert System
Evaluation", institution=cenparmi, month=dec, year=1989, kind="TR"}

@mastersthesis{chal89, author="P. Chalin", title="A Case Study of the
Formal Development of an Object Manager", school="Department of Computer
Science, Concordia University", month=dec, year=1989, kind="TH"}

%------------------------ 1990

@conference{chal90, author="P. Chalin and P. Grogono", title="Z
Specification of an Object Manager", booktitle="Proceedings of the
Symposium on VDM and Z: Formal Methods in Software Development",
editor="D. Bj{\o}rner and C.A.R. Hoare and H. Langmaack",
publisher="Springer", series="Lecture Notes in Computer Science",
volume=428, pages="41-71", month=apr, year=1990, kind="RC"}

@article{suen90, author="C. Suen and P. Grogono and R. Shinghal and F.
Coallier", title="Verifying, validating, and evaluating the performance of
expert systems", journal=esa, volume=1,
number=2, month=jun, year=1990, pages="93-102", note="Invited paper",
kind="RJ"}

@conference{bata90a, author="A. Batarekh and A. Preece and A. Bennett and
P. Grogono", title="Specification of Expert Systems",
booktitle="Proceedings of Second International Conference on Tools for
Artificial Intelligence (TAI--90)", editor="A. Dollas and W. Tsai and N.
Bourbakis", publisher="IEEE", organization="(IEEE, Washington DC)",
year=1990, month=nov, pages="103--109", kind="RC"}

@techreport{bata90b, author="A. Batarekh and A. Preece and A. Bennett and
P. Grogono", title="Specifying an Expert System", institution=cenparmi,
note="Report for Bell Canada", mon=jun, year=1990, kind="TR"}

@article{bata90c, author="A. Batarekh and A. Preece and A. Bennett and P.
Grogono", title="Specifying an Expert System", journal=esa, volume=2,
number=4, pages="285-303", year=1991, kind="RJ"}

@conference{bata90d, author="A. Batarekh and A. Preece and A. Bennett and P.
Grogono", title="Guidelines for Specifying Expert Systems",
booktitle="Proceedings of Bell Canada Workshop", note="(Bell Canada,
Montreal)", month=oct, year=1990, kind="RC"}

@techreport{grog90a, author="P. Grogono and P. Voda", title="A First-Order
Semantics with Predicates and Types as Values. Part I: Predicates",
number="OOP--90--1", institution=dcs, month=jan, year=1990, kind="TR"}

@techreport{grog90b, author="P. Grogono and P. Voda", title="A First-Order
Semantics with Predicates and Types as Values. Part II: Types",
number="OOP--90--2", institution=dcs, month=jan, year=1990, kind="TR"}

@techreport{grog90c, author=pg, title="The Book of {D}ee",
number="OOP--90--3", institution=dcs, month=feb, year=1990, kind="TR"}

@techreport{voda90, author="P. Voda and P. Grogono", title="Computations
in a Logic Language", number="OOP--90--4", institution=dcs, month=jul,
year=1990, kind="TR", note="In preparation"}

@conference{grog90d, author=pg, title="Code Generation by Term Rewriting",
booktitle="CTRS 90 (Extended Abstracts)", editor="S. Kaplan and M. Okada",
pages="187-192", month=jun, year=1990, kind="RC"}

@article{grog90e, author="P. Grogono and A. Batarekh and A. Preece and R.
Shinghal and C. Suen", title="Expert System Evaluation Techniques: a
Selected Bibliography", journal="Expert Systems (UK)", year=1990, note="In
press", kind="RJ"}

@techreport{grog90f, author="P. Grogono and A. Batarekh and A. Bennett and
A. Preece", title="Specification in Practice", institution=cenparmi,
note="Report for Bell Canada", month=jun, year=1990, kind="TR"}

@techreport{jawo90, author="W. Jaworski and P. Grogono",
title="{infoMAPs}: a Pragmatic Environment for Seamless and
Nondeterministic Software Development", institution=dcs,
number="OOP--90--5", year=1990, kind="TR"}

@techreport{grog90i, author=pg, title="Designing the Language to Support
the Environment", institution=dcs, number="OOP--90--6", month=mar,
year=1990, kind="TR"}

@article{grog90j, author=pg, title="Issues in the Design of an Object
Oriented Programming Language", journal="Structured Programming",
month=jan, year=1991, volume=12, number=1, pages="1-15", kind="RJ"}

@techreport{grog90k, author="P. Grogono and P. Chalin", title="The Formal
Development of a Screen Editor", institution=dcs, number="OOP--90--7",
month=may, year=1990, kind="TR"}

@misc{grog90m, author=pg, title="The Design of an Object Oriented
Programming Language", month=apr, year=1990, note="Computer Science
Department, Universit\'e de Montr\'eal", kind="IT"}

%------------------------ 1991

@article{coyl91, author="C. Coyle and P. Grogono", title="Building
Abstract Iterators Using Continuations", journal=sigplan, volume=26,
number=2, month=feb, year=1991, pages="17-24", kind="UN"}

@techreport{pree91, author="A. Preece and R. Shinghal and P. Grogono", 
title="A Perspective on Validation of Expert Systems", 
institution=cenparmi, note="Report for Bell Canada", mon=jun, year=1991, 
kind="TR"}

@techreport{grog91a, author="P. Grogono and B. Cheung", title="Database
Support for Browsing", institution=dcs, number="OOP--91--1", month=jan,
year=1991, kind="TR"}

@techreport{grog91b, author=pg, title="The Dee Report", institution=dcs,
number="OOP--91--2", month=jan, year=1991, kind="TR"}

@techreport{grog91c, author=pg, title="Designing a Class Library",
institution=dcs, number="OOP--91--3", month=apr, year=1991, kind="TR"}

@conference{grog91d, author="P. Grogono and A. Preece and R. Shinghal and 
C. Suen", title="Evaluation of Expert Systems in Telecommunications", 
booktitle="Expert Systems World Congress Proceedings, Volume 2", editor="J. 
Leibowitz", publisher="Pergamon Press", month=dec, year=1991, 
pages="755-763", kind="RC"}

@conference{grog91e, author="D. Mitchell and P. Grogono", title="Modelling 
abstract concepts for conversation in an intelligent tutoring system", 
booktitle="Proceedings of the Sixth International PEG Conference: Knowledge 
Based Environments for Teaching and Learning", editor="R. Bottino and P. 
Forcheri and M. Molfino", pages="353-364", month=jun, year=1991,
kind="RC"}

@conference{grog91f, author="P. Grogono and B. Cheung", title="A Semantic 
Browser for Object Oriented Program Development", booktitle="25th Hawaii 
International Conference on System Sciences", month=jan, year=1992, 
note="To appear", kind="RC"}

@article{grog91g, author="P. Grogono and A. Preece and R. Shinghal and C. 
Suen", title="A Survey of Evaluation Techniques for Expert Systems in 
Telecommunications", journal=esa, year=1991, note="To appear", kind="RJ"}

@techreport{grog91j, author="P. Grogono and B. Cheung", title="Bottom-up 
CASE", institution=dcs, year=1992, kind="TR"}

@techreport{grog91k, author="P. Grogono and Alun Preece and Rajjan Shinghal 
and Ching Suen", title="Techniques for Evaluating Expert Systems in 
Telecommunications", institution=cenparmi, note="Presentation for Bell 
Canada Workshop", month=oct, year=1991, kind="TR"}

@mastersthesis{spac91, author="S. Spackman", title="Images of Type", 
school=dcs, month=nov, year=1991, kind="TH"}

%------------------------ 1992

@conference{cheu92, author="B. Cheung and P. Grogono", title="Compact 
Record Layouts for Multiple Inheritance", booktitle="European Conference on 
Object Oriented Programming", year=1992, note="Submitted", kind="SU"}

@conference{zema92, author="V. Zeman and P. Mitchell and P. Grogono and G.
Boyd", title="Multiple Knowledge Representations in Interactive 
Instruction", booktitle="Proc. Ninth International Conf. on Technology and 
Education, Paris", month=mar, year=1992, note="To appear", kind="RC"}

@conference{grog92a, author="P. Grogono and A. Taivalsaari and K. 
Tennenhouse", title="Proposals for Extending the Modelling Facilities of 
Object Oriented Languages", booktitle="European Conference on Object 
Oriented Programming", year=1992, note="Submitted", kind="SU"}

