% General bibliography for programming languages.
% Entries are in alphabetical order by author.

% Abbreviations are in abbr.bib.

% A -------------------------------------------------------------------

@article{agha90, author="G. Agha", title="Concurrent Object Oriented
Programming", journal=cacm, volume=33, number=9, month=sep, year=1990,
pages="125-141"}

@book{agre86, editor="W. Agresti", title="New Paradigms for Software
Development", publisher="IEEE Computer Society", year=1986}

@article{aho89, author="A.V. Aho and M. Ganapathi and S.W.K. Tjiang",
title="Code generation using tree matching and dynamic programming",
journal=toplas, volume=11, number=4, pages="491-516", month=oct, year=1989}

@conference{amer86, author="P. America and J. de Bakkerand and J. Kok
and J. Rutten", title="Operational Semantics of a Parallel
Object-Oriented Language", booktitle=popl86, pages="194-208", year=1986}

@manual{andr87, author="J. Andrews", title="Trilogy User's Manual",
organization="Complete Logic Systems", address="Vancouver, B.C.",
year=1988}

@article{apt81, author="K. Apt", title="Ten Years of {Hoare's} Logic: A
Survey --- Part {I}", journal=toplas, volume=3, number=4, pages="431-488",
year=1981}

@conference{apt88, author="K. Apt and H. Blair", title="Arithmetic
Classification of Perfect Models of Stratified Programs", booktitle="Logic
Programming: Proc. Fifth Int'l. Conf.", editor="Kowalski", publisher="MIT
Press", year=1988}

@article{asch82, author="E. Ashcroft and W. Wadge", title="R for
Semantics", journal=toplas, volume=4, number=2, pages="283-294",
year=1982}

@book{atki88, editor="M. Atkinson and P. Buneman and R. Morrison",
title="Data Types and Persistence", publisher="Springer", year=1988}

% B -----------------------------------------------------------------------

@conference{bach86, author="L. Bachmair and N. Dershowitz and J. Hsiang", 
title="Orderings for equational proofs", booktitle="Proc. Symp. Logic in 
Computer Science", year=1986, pages="346-357"}

@article{back78, author="J. Backus", title="Can programming be liberated
from the von {N}eumann Style? A functional style and its algebra of
programs", journal=cacm, volume=21, number=8, month=aug, year=1978,
pages="613-64"}

@incollection{back90, author="J. Backus and J. Williams and E. Wimmers",
title="An Introduction to the Programming Language {FL}",
booktitle="Research Topics in Functional Programming", editor="D. Turner",
publisher=aw, year=1990, pages="219-247"}

@conference{bar90, author="Tsvi Bar-David", title="Object Oriented Design:
Benefits, Pitfalls and Trends", booktitle=sooppa, month=sep, year=1990,
pages="35-50"}

@article{baue89, author="F. Bauer and B. {M\"oller} and M. Partsch and P.
Pepper", title="Formal Program Construction by Transformations --
Computer-Aided, Intuition-Guided Programming", journal=tse, volume=15,
number=2, month=feb, year=1989, pages="165-180"}

@article{beck91, author="B. Beckman", title="Debugging for Hypercubes in 
Time Warp", journal=sigsen, volume=16, number=2, month=apr, year=1991,
pages=57}

@book{bent82, author="J. Bentley", title="Writing Efficient Programs",
publisher="Prentice-Hall", year=1982}

@article{bent86, author="J. Bentley", title="Programming Pearls: Little
Languages", journal=cacm, volume=29, number=8, pages="711-721", year=1986}

@conference{berg90, author="J. Bergin", title="Iterators, Cohort Classes, 
and Private Classes", booktitle=sooppa, month=sep, year=1990, 
pages="261-268"}

@techreport{berg82, author="J. Bergstra and J. Klop", title="Conditional 
Rewrite Rules: Confluence and Termination", institution="Mathematische 
Centrum, Amsterdam", year=1982, number="IW 198/82 MEI"}

@book{beth64, author="E. Beth", title="The Foundations of Mathematics: A
Study in the Philosophy of Science", edition="Revised", publisher="Harper
\& Row", year=1964}

@incollection{bigg89, author="T. Biggerstaff and C. Richter",
title="Reusability Framework, Assessment, and Directions",
booktitle="Software Reusability. Volume I: Concepts and Models",
editor="T. Biggerstaff and A. Perlis", publisher="ACM Press (Addison
Wesley)", year=1989, pages="1--17"}

@book{birt73, author="G. Birtwistle and O.-J. Dahl and B. Myhrhaug and K.
Nygaard", title="SIMULA Begin", publisher="Petrocelli/Charter", year=1973}

@book{bjor78, editor="D. {Bj\o rner} and C. Jones", title="The Vienna
Development Method: The Meta-Language", publisher="Springer-Verlag, Lecture 
Notes in Computer Science 61", year=1978}

@conference{blac86, author="A. Black and N. Hutchinson and E. Jul and H.
Levy", title="Object Structure in the {E}merald System", booktitle=oops,
editor="N. Meyrowitz", pages="78-86", year=1986}

@article{blac87, author="A. Black and N. Hutchinson and E. Jul and H. Levy
and L. Carter", title="Distribution and Abstract Types in {E}merald",
journal=ieeese, volume="SE-13", number=1, pages="65-76", year=1987}

@conference{blak87, author="E. Blake and S. Cook", title="On including part
hierarchies in object oriented languages, with an implementation in 
{Smalltalk}", booktitle=ecoop, year=1987, pages="41-50"}

@conference{bloo87, author="T. Bloom and S. Zdonik", title="Issues in the
Design of Object-Oriented Database Programming Languages", booktitle=oops,
editor="N. Meyrowitz", month=oct, year=1987, pages="441-451"}

@incollection{boeh79, author="B. Boehm", title="Software Engineering: {R
\& D} Trends and Defense Needs", booktitle="Research Directions in
Software Technology", editor="P. Wegner", publisher="MIT Press",
address="Cambridge, Mass.", year=1979}

@book{boeh81, author="B. Boehm", title="Software Engineering Economics",
publisher="Prentice-Hall", address="Englewood Cliffs, NJ", year=1981}

@article{boeh86, author="B. Boehm", title="A Spiral Model of Software
Development and Enhancement", journal="ACM Software Engineering Notes",
month=mar, year=1986}

@article{booc86, author="G. Booch", title="Object-Oriented Development",
journal=tse, volume="SE--12", number=2, month=feb, year=1986,
pages="211-221"}

@conference{booc90, author="G. Booch and M. Vilot", title="The Design of
the {C++ Booch} Components", booktitle=oops, editor="N. Meyrowitz",
pages="1-11", year=1990}

@book{booc91, author="G. Booch", title="Object Oriented Design with
Applications", publisher="Benjamin/Cummings", year=1991}

@book{bool89, author="G. Boolos and R. Jeffrey", title="Computability and
Logic", publisher="Cambridge University Press", edition="Third", year=1989}

@conference{borg88, author="A. Borgida", title="Modelling class hierarchies
with contradictions", booktitle="ACM International Conference on Management 
of Data", pages="434-443", year=1988, note="Also published as {\em SIGMOD
Record\/}, 17:3, September 1988"}

@incollection{bowe82, author="K. Bowen and R. Kowalski",
title="Amalgamating Language and Metalanguage in Logic Programming",
booktitle="Logic Programming", editor="K. Clark and S.-A. T{\"a}rnlund",
pages="153-172", publisher="Academic Press", year=1982}

@article{brac83, author="R. Brachman", title="What {IS-A} is and isn't: an 
analysis of taxonomic links in semantic networks", journal="IEEE Computer", 
month=oct, year=1983, pages="30-36"}

@conference{brac90, author="G. Bracha and W. Cook", title="Mixin-Based
Inheritance", booktitle=oops, editor="N. Meyrowitz", month=oct, year=1990, 
pages="303-311"}

@conference{brea88, author="V. Breazu-Tannen", title="Combining algebra and 
higher-order types", booktitle="Proc. Third IEEE Symp. on Logic in Computer 
Science", year=1988, pages="82-90"}

@incollection{brod83, author="M. Brodie", title="Association: a database 
abstraction for semantic modelling", booktitle="Entity-Relationship 
Approach to Information Modeling and Analysis", editor="P. Chen", 
publisher="Elsevier Science Publishers", year=1983, pages="577-602"}

@article{broo87, author="F. Brooks", title="No Silver Bullet: Essence and
Accidents for Software Engineering", journal="IEEE Computer", volume=20,
number=4, year=1987, month=apr, pages="10-18"}

@conference{brow83, author="M. Brown and others", title="Personal
Computer and Graphical Animation: Rationale and Practice for Education",
booktitle="Fourteenth SIGCSE Technical Symposium on Computer Science
Education", publisher="ACM", month=feb, year=1983}

@book{budd91, author="T. Budd", title="An Introduction to Object-Oriented
Programming", publisher=aw, year=1991}

@article{burs69, author="R. Burstall", title="Proving properties of
programs by structural induction", journal="Computer Journal", volume=12,
number=1, pages="41-8", year=1969}

% C -------------------------------------------------------------------

@article{came86, author="J. Cameron", title="An Overview of {JSD}",
journal=tse, volume="SE--12", number=2, month=feb, year=1986,
pages="222-240"}

@conference{cann89, author="P. Canning and W. Cook and W. Hill and W.
Olthoff", title="Interfaces for Strongly-typed Object-oriented
Programming", booktitle=oops, editor="N. Meyrowitz", pages="457-468", 
year=1989}

@conference{cann89a, author="P. Canning and W. Cook and W. Hill and W.
Olthoff and J. Mitchell", title="F-bounded Polymorphism for Object
Oriented Programming", booktitle="Proceedings of the Fourth International
Conference on Functional Programming Languages and Computer Architecture",
year=1989, month=sep, pages="273--280"}

@incollection{card84, author="L. Cardelli", title="A Semantics of Multiple 
Inheritance", pages="51-68", booktitle="Semantics of Data Types", 
editor="G. Kahn and D. McQueen and G. Plotkin", publisher="Springer-Verlag, 
Lecture Notes in Computer Science 173", year=1984}

@article{card85, author="L. Cardelli and P. Wegner", title="On
Understanding Types, Data Abstraction, and Polymorphism", journal=acmcs,
volume=17, number=4, pages="471-522", month=dec, year=1985}

@article{card86, author="D. Card and V. Church and W. Agresti", title="An
empirical study of software design practices",
journal=tse, volume="SE--12", number=2, month=feb, year=1986,
pages="264-271"}

@article{card87, author="D. Card and F. {McGarry} and G. Page", 
title="Evaluating software engineering technologies",
journal=tse, volume="SE--13", number=7, month=jul, year=1987,
pages="845-851"}

@conference{card88, author="L. Cardelli", title="Structural Subtyping and
the Notion of Power Type", booktitle=popl88, pages="70-79", year=1988}

@conference{card89, author="L. Cardelli and J. Donahue and M. Jordan and
B. Kalsow and G. Nelson", title="The {M}odula-3 Type System",
booktitle=popl89, publisher="ACM", pages="202-212", year=1989}

@book{card90, editor="A. C\'ardenas and D. McLeod", title="Research
Foundations in Object Oriented and Semantic Database Systems",
publisher="Prentice Hall", year=1990}

@article{catt80, author="R.G.G. Cattell", title="Automatic derivation of
code generators from machine descriptions", journal=toplas, volume=2,
number=2, pages="173-190", mon=apr, year=1980}

@conference{cham90, author="C. Chambers and D. Ungar", title="Iterative 
Type Analysis and Extended Message Splitting: Optimizing Dynamically-Typed 
Object-Oriented Programs", booktitle=pldi, mon=jun, year=1990,
pages="150-164"}

@conference{chen89, author="W. Chen and M. Kifer and D. Warren",
title="{HiLog}: A First-Order Semantics for Higher-Order Logic Programming
Constructs", booktitle="Proceedings of the North American Conference on
Logic Programming", editor="E. Lusk and R. Overbeek", publisher="MIT
Press", year=1989, pages="1090-1114"}

@book{coad90, author="P. Coad and E. Yourdon", title="Object-Oriented
Analysis", publisher="Prentice-Hall", year=1990}

@conference{conn89, author="R. Connor and A. Dearle and R. Morrison and A.
Brown", title="An Object Addressing Mechanism for Statically Typed
Languages with Multiple Inheritance", booktitle=oops, editor="N.
Meyrowitz", pages="279-286", year=1989}

@article{cook89a, author="W. Cook", title="A Proposal for Making {E}iffel
Type-safe", journal="Computer Journal", volume=32, number=4,
pages="305-311", month=aug, year=1989}

@conference{cook89b, author="W. Cook and J. Palsberg", title="A 
Denotational Semantics of Inheritance and its Correctness", 
booktitle=oops, editor="N. Meyrowitz", pages="433-444", year=1989}

@proceedings{cook89c, Key = "ECOOP'89", Editor = "Stephen Cook", Title =
"{ECOOP'89}, Proceedings of the 1989 {E}uropean {C}onference on
{O}bject-{O}riented {P}rogramming, {B}ritish {C}omputer {S}ociety
{W}orkshop {S}eries", Month = jul, Year= 1989, Publisher = "Cambridge
University Press", Abstract = "Conference held the 10--14 July 1989 at
East Midland Conference Centre, University of Nottingham, England.
Proceedings contains 21 refereed (selected from 90) and 2 invited papers",
ISBN = "0-521-38232-7"}

@article{cunn89, author="W. Cunningham and K. Beck", title="Constructing
Abstractions for Object-Oriented Applications", journal=joop, volume=2,
number=2, month="July/August", year=1989, pages="17-19"}

% D -------------------------------------------------------------------

@book{date91, author="C. J. Date", title="Introduction to Database
Systems", publisher=aw, note="Fifth edition", year=1991}

@article{danf88, author="S. Danforth and C. Tomlinson", title="Type
Theories and Object-Oriented Programming", journal=acmcs, volume=20,
number=1, pages="29-72", year=1988}

@article{davi88, author="C. Davidson", title="Quicksort Revisited",
journal=ieeese, volume=14, number=10, pages="1480-1", year=1988}

@phdthesis{davi76, author="R. Davis", title="Applications of Meta-level
Knowledge to the Construction, Maintenance, and Use of Large Knowledge
Bases", school="Stanford University", year=1976}

@article{debr90, author="S. Debray and D. Warren", title="Towards
Banishing the Cut from {P}rolog", journal=tse, volume=16, number=3,
month=mar, year=1990, pages="335-349"}

@book{degr90, author="P. {DeGrace} and L. Stahl", title="Wicked Problems,
Righteous Solutions: A Catalogue of Modern Software Engineering Paradigms", 
publisher="Yourdon", year=1990}

@conference{ders87, author="N. Dershowitz and M. Okada and G. Sivakumar", 
title="Confluence of conditional term rewriting systems", booktitle="Proc. 
Workshop on Conditional Rewrite Systems", publisher="Springer LNCS 308",
year=1988, pages="31-44"}

@conference{ders88, author="N. Dershowitz and M. Okada", title="Confluence
of conditional term-rewriting systems", booktitle="Proc. IEEE Logic in 
Computer Science", year=1988, pages="104-111"}

@article{ders89, author="N. Dershowitz and M. Okada", title="A Rationale 
for Conditional Equational Programming", journal=tcs, volume=75, year=1990, 
pages="111-138"}

@article{dewa79, author="R. Dewar and A. Grand and S.-C. Liu and J.
Schwartz and E. Schonberg", title="Program by Refinement, as Exemplified
by the {SETL} Representation Sublanguage", journal=toplas, volume=1,
number=2, month=jul, year=1979, pages="27-49"}

\techreport{dewa81, author="R. Dewar and E. Schonberg and J. Schwartz",
title="Higher Level Programming: Introduction to the Use of the
Set-Theoretic Language SETL", institution="Courant Institution of
Mathematical Sciences, New York University", year=1981.

@book{dijk76, author="E. Dijkstra", title="A Discipline of Programming",
publisher="Prentice-Hall", year=1976}

@article{dijk89, author="E.W. Dijkstra", title="On the cruelty of really
teaching computing science", journal="Comm. ACM", volume=32, number=12,
month=dec, year=1989, pages="1398-1404"}

@conference{dixo89, author="R. Dixon and T. McKee and P. Schweizer",
title="A Fast Method Dispatcher for Compiled Languages with Multiple
Inheritance", booktitle=oops, editor="N. Meyrowitz", pages="211-214", 
year=1989}

@article{dona85, author="J. Donahue and A. Demers", title="Data Types Are
Values", journal=toplas, volume=7, number=3, pages="426-445", year=1985}

@article{drom88, author="R. Dromey", title="Systematic Program
Development", journal=ieeese, volume=14, number=1, pages="12-29",
year=1988}

@book{druc74, author="P. Drucker", title="Management Tasks,
Responsibilities, Practices", publisher="Heinemann", address="London",
year=1974}

@conference{duke90, author="D. Duke and R. Duke", title="Towards a
Semantics for {Object Z}", pages="244-261", booktitle="VDM'90: VDM and
Z---Formal Methods in Software Development", editor="D. Bj\o rner and C.
Hoare and H. Langmaack", publisher="Springer", month=apr, year=1990}

% E -------------------------------------------------------------------

@mastersthesis{eddy88, author="D. Eddy", title="An Environment Conducive
to Software Design: {JMSS} System for Modelling of Software processes and
Programs with {jMaps}", school="Department of Computer Science, Concordia
University", year=1988}

@book{elli90, author="M. Ellis and B. Stroustrup", title="The Annotated
C++ Reference Manual", publisher="Addison Wesley", year=1990}

@article{er83, author="M. Er", title="Optimizing Procedure Calls and
Returns", journal=spe, volume=13, pages="921-939", year=1983}

% F -------------------------------------------------------------------

@conference{floy67, author="R. Floyd", title="Assigning Meanings to
Programs", booktitle="Proc. AMS. Symp. Applied Mathematics", volume=19,
publisher="American Mathematical Society", address="Providence, R.I.",
pages="19-31", year=1967}

@phdthesis{fras77, author="C.W. Fraser", title="Automatic Generation of
Code Generators", school="Yale University", year=1977, address="New Haven,
Conn."}

@conference{frie76, author="D. Friedman and D. Wise", title="{CONS} should
not evaluate its arguments", booktitle="Automata, Languages, and
Programming: Third Annual Colloquium", editor="R. Michaelson and R.
Milner", year=1976, pages="257-284"}

@conference{futa85, author="K. Futatsugi and J. Goguen and J.-P. Jouannaud
and J. Meseguer", title="Principles of {OBJ2}", booktitle=popl85,
pages="52-66", year=1985}

% G -------------------------------------------------------------------

@article{gana85, author="M. Ganapathi and C.N. Fischer", title="Affix
grammar driven code generation", journal=toplas, volume=7, number=4,
year=1985, mon=oct, pages="560-599"}

@conference{gana82, author="M. Ganapathi and C.N. Fischer",
title="Description-driven code generation using attribute grammars",
booktitle="Proc. 9th Annual ACM Symposium on Principles of Programming
Languages", year=1982, pages="108-119", publisher="ACM", address="New
York"}

@book{gane89, author="C. Gane", title="Rapid System Development",
publisher="Prentice Hall", year=1989}

@article{gesc75, author="C. Geschke and J. Mitchell", title="On the
Problem of Uniform References to Data Structures", journal=ieeese,
volume="SE-1", number=2, year=1975, pages="207-219"}

@conference{giov90, author="R. Di Giovanni and P. Iachini", title="{HOOD}
and {Z} for the Development of Complex Software Systems", pages="262-289",
booktitle="VDM'90: VDM and Z---Formal Methods in Software Development",
editor="D. Bj\o rner and C. Hoare and H. Langmaack", publisher="Springer",
month=apr, year=1990}

@conference{gira71, author="J. Girard", title="Une extension de 
l'interpretation de {G\"odel} \`a l'analyse et la theorie des types",
booktitle="Proc. Second Scandinavian Logic Symp.", editor="Fenstad", 
year=1971, pages="63-92"}

@conference{glan78, author="R.S. Glanville and S.L. Graham", title="A new
method for compiler code generation", booktitle="Proc. 5th ACM Symposium
on Principles of Programming Languages", year=1978, pages="231-240",
publisher="ACM", address="New York"}

@article{gode31, author={K. G\"odel}, title={{\"U}ber formal
unentscheidbare {S}\"atze der {P}rincipia {M}athematica und verwandter
{S}ysteme, {I}}, journal="Monathsheft der Mathematik", volume=38,
pages="173-198", year=1931}

@article{gogu84a, author="J. Goguen", title="Parameterized Programming",
journal=ieeese, volume="SE-10", number=5, pages="528-543", month=sep,
year=1984}

@article{gogu84b, author="J. Goguen and J. Meseguer", title="Equality,
Types, Modules, and (why not?) Generics for Logic Programming",
journal=jlp, volume=1, number=2, pages="179-210", year=1984}

@incollection{gogu87a, author="J. Goguen and J. Meseguer", title="Unifying
Functional, Object-Oriented, and Relational Programming with Logical
Semantics", booktitle="Research Directions in Object-Oriented
Programming", editor="B. Shriver and P. Wegner", publisher="MIT Press",
pages="417-477", year=1987}

@article{gogu87b, author="J. Goguen and M. Moriconi", title="Formalization 
in programming environments", journal=comp, volume=20, number=11, 
month=nov, year=1987, pages="55-54"}

@incollection{gogu89, author="J. Goguen", title="Principles of
Parameterized Programming", booktitle="Software Reusability. Volume I:
Concepts and Models", editor="T. Biggerstaff and A. Perlis",
publisher="ACM Press (Addison-Wesley)", pages="159-225", year=1989}

@book{gold83, author="A. Goldberg and D. Robson", title="{S}malltalk-80:
The Language and its Implementation", publisher=aw,
year=1983}

@incollection{gold84, author="A. Goldberg", title="The Influence of an
Object-Oriented Language on the Programming Environment",
booktitle="Interactive Programming Environments", editor="D. Barstow and
H. Shrobe and E. Sandewall", chapter=8, pages="141-174",
publisher="McGraw-Hill", year=1984}

@conference{gold80, author="I. Goldstein and D. Bobrow", title="Extending 
Object Oriented Programming in {Smalltalk}", booktitle="Conference Record 
of the 1980 LISP Conference", year=1980, pages="75-81"}

@article{grah80, author="S.L. Graham", title="Table-driven code
generation", journal="IEEE Computer", volume=13, number=8, mon=aug,
year=1980, pages="25-34"}

% H -------------------------------------------------------------------

@incollection{hail87, author="B. Hailpern and V. Nguyen", title="A Model
for Object-Based Inheritance", booktitle="Research Directions in
Object-Oriented Programming", editor="B. Shriver and P. Wegner",
publisher="MIT Press", pages="147-164", year=1987}

@conference{hall90, author="A. Hall", title="Using {Z} as a Specification
Calculus for Object-Oriented Systems", pages="290-318", booktitle="VDM'90:
VDM and Z---Formal Methods in Software Development", editor="D. Bj\o rner
and C. Hoare and H. Langmaack", publisher="Springer", month=apr, year=1990}

@article{hans83, author="D. Hanson", title="Simple Code Optimization",
journal=spe, volume=13, pages="745-763", year=1093}

@conference{harr89, author="W. Harrison and P. Sweeney and J. Shilling", 
title="Good News, Bad News: Experience Building a Software Development 
Environment Using the Object-Oriented Paradigm", booktitle=oops, editor="N. 
Meyrowitz", month=oct, year=1988, pages="85-94"}

@conference{hatc86, author="P. Hatcher and T. Christopher",
title="High-quality code generation via bottom-up tree pattern matching",
booktitle="Proc. 11th Annual ACM Symposium on Principles of Programming
Languages", year=1986, pages="119-130", publisher="ACM", address="New
York"}

@article{hebe90, author="K. Hebel and R. Johnson", title="Arithmetic and
Double Dispatching in {S}malltalk", journal=joop, volume=2, number=6,
month="March/April", year=1990, pages="40-44"}

@book{heck91, author="P. Heckel", title="The Elements of Friendly Software
Design", note="Second Edition", publisher="Sybex", year=1991}

@conference{helm90, author="R. Helm and I. Holland and D. Gangopadhyay", 
title="Contracts: Specifying Behavioral Compositions in Object Oriented 
Systems", booktitle=oops, editor="N. Meyrowitz", year=1990, 
pages="169-180"}

@article{hend86, author="P. Henderson", title="Functional programming,
formal specification, and rapid prototyping",
journal=tse, volume="SE--12", number=2, month=feb, year=1986,
pages="241-250"}

@conference{hill88, author="P. Hill and J. Lloyd", title="Analysis of
Meta-Programs", booktitle="Proc. Workshop on Meta-Programming in Logic
Programming", year=1988}

@article{hoar69, author="C. Hoare", title="An Axiomatic Basis for Computer
Programming", journal=cacm, volume=12, number=10, year=1969, month=oct,
pages="576-580, 583"}

@incollection{hoar74, author="C. Hoare", title="Hints on Programming Language
Design", booktitle="State of the Art 20: Computer Systems Reliability",
editor="C. Bunyan", publisher="Pergamon/Infotech", year=1974,
pages="505-34"}

@article{hoar87a, author="C. Hoare and others", title="Laws of 
Programming", journal=cacm, volume=30, number=8, month=aug, 
pages="672-677", year=1987}

@article{hoar87b, author="C. Hoare", title="An overview of some formal 
methods for program design", journal=comp, volume=20, number=9, month=sep, 
year=1987, pages="85-91"}

@article{hoff82, author="C.W. Hoffman and M.J. O'Donnell", title="Pattern
matching in trees", journal=jacm, volume=29, number=1, year=1982,
pages="68-95"}

@conference{hogg91, author="J. Hogg", title="Islands: Aliasing Protection 
in Object Oriented Languages", booktitle=oops, editor="N. Meyrowitz", 
year=1991, pages="271-285"}

@techreport{holt86, author="R. Holt", title="Design Goals for the Turing
Programming Language", institution="University of Toronto",
number="CSRI--187", month=aug, year=1986}

@conference{holz91, author="U. {H\"olzle} and Craig Chambers and David 
Ungar", title="Optimizing dynamically-typed object-oriented languages with 
polymorphic inline caches", booktitle=ecoop, year=1991}

@conference{huda86, author="P. Hudak and J. Young", title="Higher order
strictness analysis in untyped lambda calculus", booktitle="Proceedings of
the 12th ACM Symposium on Principles of Programming Languages",
pages="97-109", year=1986, month=jan}

@incollection{huet80, author="G. Huet and D. Oppen", title="Equations and 
rewrite rules: a survey", booktitle="Formal Language Theory: Perspectives 
and Open Problems", editor="R. Book", publisher="Academic Press", 
year=1980}

@book{huet90, editor="G. Huet", title="Logical Foundations of Functional
Programming", publisher=aw, year=1990}

@conference{hugh82, author="R. J. M. Hughes", title="Super-combinators: a new
implementation method for applicative languages", booktitle=lfp, month=aug, 
year=1982, pages="1-10"}

@phdthesis{hugh84, author="R. J. M. Hughes", title="The design and
implementation of programming languages", school="University of Oxford",
year=1984}

@techreport{hugh85, author="R. J. M. Hughes", title="Strictness Analysis in
Non-flat Domains", institution="Programming Research Group, Oxford",
month=aug, year=1985}

@incollection{hugh90, author="J. Hughes", title="Why functional programming 
matters", booktitle="Research Topics in Functional Programming", editor="D. 
A. Turner", publisher=aw, year=1990, pages="17-42", chapter=2}

% I -------------------------------------------------------------------

@conference{inga78, author="D. Ingalls", title="The {S}malltalk-76
Programming System: Design and Implementation", booktitle=popl78,
publisher="ACM", pages="9-15", year=1978}

@conference{inga86, author="D. Ingalls", title="A Simple Technique for
Handling Multiple Polymorphism", booktitle=oops, editor="N. Meyrowitz",
pages="347-349", year=1986}

% J -------------------------------------------------------------------

@conference{jawo86, author="W. Jaworski and M. Virard",
title="Converting a Software Company to a New Technology",
booktitle="Proc. 1986 Canadian Conference on Industrial Computers",
year=1986, pages="12.1-12.7", address="Montreal"}

@article{jawo87a, author="W. Jaworski and L. Ficocelli and K.S. O'Mara",
title="The {ABL/W4} Methodology for System Modelling", journal="System
Research J.", volume=4, number=1, year=1987, pages="23-37"}

@conference{jawo87b, author="W. Jaworski and T. Radhakrishnan",
title="Modelling of System Development Methodologies", booktitle="Conf.
Computer Aided Technologies", month=nov, year=1987, pages="1-5",
address="Montreal"}

@conference{jawo87c, author="W. Jaworski and E. Farell",
title="Development of Spectrum Management Systems: Application of {jMap}
Notational Technology", booktitle="Montech '87 Proceedings, Conference on
Communications", month=nov, year=1987, pages="181-5", address="Montreal"}

@conference{jawo90, author="W. Jaworski", title="Systems Analysis and
Design in the Classroom: {infoMAPS} Factory", booktitle="Modeling and
Simulation Conference", month=may, year=1990}

@book{jevo19, author="W. Jevons", title="Elementary Lessons in Logic:
Deductive and Inductive", publisher="MacMillan", year=1919}

@conference{john84, author="T. Johnsson", title="Efficient compilation
of lazy evaluation", booktitle="Proc. ACM Conference on Compiler
Construction", year=1984, pages="58-69"}

@conference{john86, author="R. Johnson", title="Type-Checking {S}malltalk", 
booktitle=oops, editor="N. Meyrowitz", month=sep, year=1986, 
pages="315-321"}

@conference{john88, author="R. Johnson", title="{TS}: an Optimizing 
Compiler for {S}malltalk", booktitle=oops, editor="N. Meyrowitz", 
month=sep, year=1988, pages="18-26"}

@book{jone80, author="C. Jones", title="Software Development: a Rigorous 
Approach", publisher=phi, year=1980}

@book{jone86, author="C. Jones", title="Systematic Software Development 
Using VDM", publisher=phi, year=1986}

@incollection{jone87, author="C. Jones", title="{VDM} Proof Obligations and
their Justification", booktitle="Proceedings VDM'87. VDM---A Formal Method 
at Work", editor="D. {Bj\o rner} and C. Jones and M. Mac an Airchinnigh
and E. Neuhold", publisher="Springer", note="LNCS 252", pages="260-286", 
year=1987}

@incollection{jone90, author="C. Jones", title="A Small Language 
Definition", booktitle="Case Studies in Systematic Software Development", 
editor="C. Jones and R. Shaw", publisher=phi, chapter=9, pages="235-256", 
year="1990"}

@conference{joua86, author="J. Jouannaud and B. Waldman", title="Reductive 
conditional term rewriting systems", booktitle="Proc. Third IFIP Working 
Conf. on Formal Description of Programming Concepts", year=1986}

% K -------------------------------------------------------------------

@article{kafu89, author="D. Kafura and K. Lee", title="Inheritance in
Actor-based Concurrent Object-oriented Languages", journal="Computer
Journal", volume=32, number=4, pages="297-304", year=1989}

@conference{kami88, author="S. Kamin", title="Inheritance in 
{Smalltalk--80}: A Denotational Definition", booktitle=popl88, 
pages="80-87", year=1988}

@techreport{kapl84, author="S. Kaplan", title="Fair conditional term 
rewriting systems: unification, termination, and confluence", 
institution="Laboratoire de Recherche en Informatique, Universit\'e de Paris
Sud, Orsay, France", month=nov, year=1984}

@article{kili90, author="M. Kilian", title="Trellis: Turning Designs into
Programs", journal=cacm, volume=33, number=9, month=sep, year=1990,
pages="65--67"}

@conference{kim87, author="W. Kim and J. Banerjee and H.-T. Chou and J.
Garza and D. Woelk", title="Composite Object Support in an Object-Oriented
Database System", booktitle=oops, editor="N. Meyrowitz", month=oct,
year=1987, pages="118-125"}

@conference{kim88, author="W. Kim and N. Ballou and J. Banerjee and H.-T.
Chou and J. Garza and D. Woelk", title="Integrating an Object-Oriented
Programming System with a Database System", booktitle=oops, editor="N.
Meyrowitz", month=sep, year=1988, pages="142-152"}

@book{kim89, editor="W. Kim and F. Lochovsky", title="Object-Oriented
Concepts, Databases, and Applications", publisher="ACM Press
(Addison-Wesley)", year=1989}

@book{klee52, author="S. Kleene", title="Introduction to Metamathematics",
publisher="North Holland", year=1952}

@techreport{klop80, author="J. Klop", title="Combinatory Reduction 
Systems", institution="Mathematische Centrum, Amsterdam", number=129, 
year=1980}

@incollection{knut70, author="D. Knuth and P. Bendix", title="Simple Word
Problems in Universal Algebras", booktitle="Computational Problems in
Abstract Algebra", publisher="Pergamon Press", year=1970, editor="J.
Leech"}

@book{koen89, author="A. Koenig", title="C Traps and Pitfalls", 
publisher=aw, year=1989}

@article{koen90, author="A. Koenig and B. Stroustrup", title="Exception
Handling for {{C++}}", journal=joop, volume=3, number=2,
month="July/August", year=1990, pages="16-33"}

@article{kors90, author="T. Korson and J. McGregor", title="Understanding
Object Oriented: a Unifying Paradigm", journal=cacm, volume=33, number=9,
month=sep, year=1990, pages="41--60"}

@article{krog85, author="S. Krogdahl", title="Multiple Inheritance in 
{Simula}-like Languages", journal="BIT", volume=25, year=1985, 
pages="318-326"}

% L -------------------------------------------------------------------

@conference{lalo86, author="W. Lalonde and D. Thomas and J. Pugh",
title="An Exemplar Based {S}malltalk", booktitle=oops, editor="N.
Meyrowitz", pages="322-330", year=1986}

@article{lalo89, author="W. Lalonde", title="Designing Families of Data
Types Using Exemplars", journal=toplas, volume=11, number=2,
pages="212-248", year=1989}

@article{land64, author="P. Landin", title="The mechanical evaluation of
expressions", journal=jacm, volume=6, pages="308-20", year=1964}

@article{land65a, author="P. Landin", title="A correspondence between
{Algol 60} and {C}hurch's lambda calculus, {P}art~{I}", journal=cacm, volume=8,
number=2, month=feb, year=1965, pages="89-101"}

@article{land65b, author="P. Landin", title="A correspondence between
{Algol 60} and {C}hurch's lambda calculus, {P}art~{II}", journal=cacm, volume=8,
number=3, month=mar, year=1965, pages="158-165"}

@article{land66, author="P. Landin", title="The next 700 programming
languages", journal=cacm, volume=9, number=3, year=1966, month=mar,
pages="157-64"}

@conference{lasc87, author="P. Lascanne", title="Uniform termination of 
term rewriting systems", booktitle="Proc. 9th Coll. on Trees in Algebra
and Programming", publisher="Cambridge University Press", year=1987, 
pages="181-194"}

@book{laur90, editor="B. Laurel", title="The Art of Human-Computer
Interface Design", publisher=aw, year=1990}

@book{laur91, author="B. Laurel", title="Computers as Theatre", 
publisher=aw, year=1991}

@conference{leat90, author="Burton Leathers", title="After the Divorce:
Reflections on Using {Eiffel} at {Cognos}", booktitle=sooppa, pages="66-80",
address="Poughkeepsie, NY", month=sep, year=1990}

@book{lee89, author="P. Lee", title="Realistic Compiler Generation",
publisher="MIT Press", year=1989}

@article{lehm80, author="M. Lehman", title="Programs, Life Cycles and the
Laws of Software Evolution", journal="Proc. IEEE", volume=15, number=3,
pages="225-52", year=1980}

@conference{lern90, author="B. Lerner and N. Habermann", title="Beyond
Schema Evolution to Database Reorganization", booktitle=oops, editor="N.
Meyrowitz", month=oct, year=1990, pages="67-76"}

@article{lieb88a, author="K. Lieberherr and A. Riel", title="{D}emeter: A
CASE Study of Software Growth Through Parameterized Classes",
journal=joop, volume=1, number=3, pages="8-22", year=1988}

@article{lieb88b, author="K. Lieberherr and I. Holland and G. Lee and A.
Riel", title="The Open Channel: an Objective Sense of Style",
journal="IEEE Computer", volume=21, number=6, pages="79-81", year=1988}

@conference{lieb88c, author="K. Lieberherr and I. Holland and A. Riel",
title="Object-Oriented Programming: an Objective Sense of Style",
booktitle=oops, editor="N. Meyrowitz", publisher="ACM", pages="323-334",
year=1988}

@conference{li90, author="Y. Li and T. O'Shea", title="{BRRR}: a Tool for
Facilitating User's Navigation in {Smalltalk--80}", booktitle=sooppa,
month=sep, year=1990, pages="175--189"}

@article{lins90, author="C. Lins", title="Programming Without Enumerations
in {O}beron", journal=sigplan, volume=25, number=7, month=jul, year=1990,
pages="19-27"}

@conference{lint84, author="M. Linton", title="Implementing Relational
Views of Programs", booktitle="Proc. ACM Software Engineering Symp. on
Practical Software Development Environments", publisher="ACM", editor="P.
Henderson", month=apr, year=1984, pages="132-140", note="Also published in
{\it SIGPLAN Notices}, 19(5), May 1984"}

@article{lisk74, author="B. Liskov and S. Zilles", title="Programming with
Abstract Data Types", journal=sigplan, volume=9, number=4, month=apr,
year=1974, pages="50-9"}

@article{lisk77, author="B. Liskov and E. Moss and C. Schaffert and A.
Snyder", title="Abstraction Mechanisms in {CLU}", journal=cacm, volume=20,
number=8, month=aug, year=1977, pages="564--576"}

@article{lisk79, author="B. Liskov and A. Snyder", title="Exception
Handling in {CLU}", journal=tse, volume="SE-5", number=6, month=nov,
year=1979, pages="547-558"}

@book{lisk86, author="B. Liskov and J. Guttag", title="Abstraction and
Specification in Program Development", publisher="MIT Press", year=1986}

@conference{liu88, author="L.-C. Liu and E. Horowitz", title="Object
Database Support for a Software Project management Environment",
booktitle="Proc. ACM Software Engineering Symp. on Practical Software
Development Environments", publisher="ACM", editor="P. Henderson",
month=dec, year=1988, pages="85-96", note="Also published in {\it SIGPLAN
Notices}, 24(2), February 1989"}

@article{lloy85, author="J. Lloyd and R. Topor", title="A Basis for
Deductive Database Systems", journal=jlp, volume=2, number=2, year=1985}

@book{lloy87, author="J. Lloyd", title="Foundations of Logic Programming",
publisher="Springer", year=1987, edition="Second"}

@conference{loom87, author="M. Loomis and A. Shah and J. Rumbaugh", 
title="An object modeling technique for conceptual design", 
booktitle=ecoop, year=1987, pages="192-202"}

@incollection{luca71, author="P. Lucas and K. Walk", title="On the Formal
Description of {PL/I}", booktitle="Annual Review in Automatic Programming
6", editor="M. Halpern and C. Shaw", publisher="Pergamon Press",
address="Oxford", pages="105-182", year=1971}

@article{luqi89, author="Luqi", title="Software evolution through rapid 
prototyping", journal=comp, volume=22, number=5, month=may, year=1989, 
pages="13-27"}

% M -------------------------------------------------------------------

@article{maca91, author="J. {MacAuslan}", title="On Debugging Hypercubes", 
journal=sigsen, volume=16, number=3, month=jul, year=1991, pages=73}

@conference{mart71, author="P. {Martin-L\"of}", title="Haupsatz for the 
theory of species", booktitle="Proc. Second Scandinavian Logic Symp.", 
editor="Fenstad", year=1971, pages="217-233"}

@conference{mart75, author={P. Martin-L\"of}, title="An Intuitionistic
Theory of Types: Predicative Part", booktitle="Logic Colloquium 1973",
editor="H. Rose and J. Shepherdson", address="Amsterdam",
publisher="North-Holland", pages="73-118", year=1973}

@article{mcca60, author="J. McCarthy", title="Recursive Functions of
Symbolic Expressions and Their Computation by Machine, {P}art {I}",
journal=cacm, volume=3, number=4, month=apr, year=1960, pages="184-195"}

@incollection{mcca63, author="J. McCarthy", title="A Basis for a
Mathematical Theory of Computation", booktitle="Computer Programming and
Formal Systems", editor="P. Braffort and D. Hirschberg",
publisher="North-Holland", address="Amsterdam", year=1963, pages="33-70"}

@incollection{mcca81, author="J. McCarthy", title="History of {LISP}",
booktitle="History of Programming Languages", editor="R. Wexelblat",
publisher="Academic Press", year=1981, pages="173-196"}

@conference{mcqu86, author="D. McQueen", title="Using Dependent Types to
Express Modular Structure", booktitle=popl86, publisher="ACM",
pages="277-286", year=1986}

@incollection{meer81, author="L. Meertens", title="Issues in the Design of
a Beginners' Programming Language", booktitle="Algorithmic Languages",
editor="de Bakker and van Vliet", pages="167-184", publisher="IFIP,
North-Holland Publishing Company", year=1981}

@book{mend79, author="E. Mendelson", title="Introduction to Mathematical
Logic", edition="Second", publisher="van Nostrand", year=1979}

@article{meye85, author="B. Meyer", title="On Formalization in
Specifications", journal="IEEE Software", volume=2, number=1,
pages="6-27", year=1985}

@conference{meye86, author="B. Meyer", title="Genericity versus
Inheritance", booktitle=oops, editor="N. Meyrowitz",
pages="391-405", year=1986}

@book{meye88, author="B. Meyer", title="Object-oriented Software
Construction", publisher=phi, year=1988}

@article{meye89, author="B. Meyer", title="From Structured Programming to
Object-Oriented Design: the Road to {E}iffel", journal="Structured
Progamming", volume=10, number=1, pages="19-39", year=1989}

@article{meye90, author="B. Meyer", title="Lessons from the Design of the
{Eiffel} Libraries", journal=cacm, volume=33, number=9, month=sep,
year=1990, pages="68-88"}

@conference{meye90a, author="S. Meyers", title="Working with
Object-Oriented Programs: the View from the Trenches is Not Always
Pretty", booktitle=sooppa, month=sep, year=1990, pages="51-65"}

@article{mill86, author="H. Mills and R. Linger", title="Data Structured
Programming: Program Design Without Arrays or Pointers", journal=ieeese,
volume="SE-12", number=2, pages="192-197", year=1986}

@article{mili87, author="A. Mili and J. Deharnais and F. Mili", 
title="Relational heuristics for the design of deterministic programs", 
journal="Acta Informatica", month=apr, year=1987}

@book{mili89, author="A. Mili and N. Boudriga and F. Mili", title="Towards 
Structured Specifying: Theory, Practice, Applications", publisher="Ellis 
Horwood", year=1989}

@article{miln78, author="R. Milner", title="A Theory of Type Polymorphism
in Programming", journal="J. Comp. and Sys. Science", volume=17,
pages="348-375", year=1978}

@conference{miln84, author="R. Milner", title="A Proposal for Standard
{ML}", booktitle="Proceedings of the ACM Symposium on LISP and Functional
Programming", month=aug, year=1984}

@book{miln90, author="B. Milner and M. Tofte and R. Harper", title="The
Definition of Standard {ML}", publisher="MIT Press", year=1990}

@conference{mitc85, author="J. Mitchell and G. Plotkin", title="Abstract
Types have Existential Type", booktitle=popl85, pages="36-51", year=1985}

@article{mody91, author="R. P. Mody", title="C in Education and Software 
Engineering", journal=sigcse, volume=23, number=3, month=sep, year=1991, 
pages="45-56"}

@incollection{moon89, author="D. Moon", title="The {\sc Common Lisp}
Object-Oriented Programming Language Standard", booktitle="Object-Oriented
Concepts, Databases, and Applications", publisher="ACM Press", year=1989,
editor="W. Kim and F. Lochovsky", chapter=4, pages="49-78"}

@conference{mull91, author="R. Mulligan and M. Altom and D. Simkin",
title="User interface design in the trenches: some tips on shooting from 
the hip", booktitle="Reaching Through Technology: CHI'91 Proceedings", 
publisher="ACM Press", year=1991, pages="232-236"}

@phdthesis{mycr81, author="A. Mycroft", title="Abstract Interpretation and
Optimising Transformations for Applicative Programs",
school="Department of Computer Science, University of Edinburgh",
year=1981}

% N -------------------------------------------------------------------

@article{nels89, author="G. Nelson", title="A Generalization of
{D}ijkstra's Calculus", journal=toplas, volume=11, number=4,
pages="517-561", year=1989}

@incollection{nier89, author="O. Nierstrasz", title="A Survey of Object
Oriented Concepts", booktitle="Object Oriented Concepts, Databases, and
Applications", editor="W. Kim and F. Lochovsky", publisher="ACM Press
(Addison Wesley)", pages="3--21", year=1989}

@incollection{nyga81, author="K. Nygaard and O-J. Dahl", title="The
Development of the {SIMULA} Language", booktitle="History of Programming
Languages", publisher="Academic Press", year=1981, editor="R. Wexelblat",
chapter="IX", pages="439-493"}

% O -------------------------------------------------------------------

@conference{obri87, author="P. O'Brien and D. Halbert and M. Kilian",
title="The {T}rellis Programming Environment", booktitle=oops, editor="N.
Meyrowitz", pages="91--102", year=1987}

@article{ohag91, author="John O'Hagan", title="{E}asy {P}ieces: an 
invitation to {BASIC} billiards", journal="Algorithm", year=1991, 
month=may, volume=2, number=3, pages="5-7"}

@conference{ohor89, author="A. Ohori and P. Buneman", title="Static Type
Inference for Parametric Classes", booktitle=oops, editor="N. Meyrowitz",
pages="445-456", year=1989}

@techreport{okad87, author="M. Okada", title="Report on Conditional Term 
Rewrite Systems", number="?", institution="Department of Computer Science, 
Illinois, Urbana", year=1987}

@conference{okad88a, author="M. Okada", title="A logical analysis of the
theory of conditional rewriting", booktitle="Proc. Workshop on Conditional
Rewrite Systems", publisher="Springer LNCS 308", year=1988,
pages="179-196"}

@article{okad88b, author="M. Okada", title="Note on a proof of the
extended {Paris-Kirby} game for labeled finite trees", journal="European J. 
Combinatorics", volume=9, year=1988, pages="249-253"}

@conference{okad89c, author="M. Okada", title="???", booktitle="Proc.
ACM Int'l. Symp. on Symbolic and Algebraic Computation", year=1989, 
pages="359-363"}

@article{olss89, author="R. Olsson and G. Whitehead", title="A Simple
Technique for Automatic Recompilation in Modular Programming Languages",
journal=spe, volume=19, number=8, pages="757-773", year=1989}

% P -------------------------------------------------------------------

@conference{pals90a, author="J. Palsberg and M. Schwartzbach", title="Type 
Substitution for Object-Oriented Programming", booktitle=oops, editor="N. 
Meyrowitz", year=1990}

@techreport{pals90b, author="J. Palsberg and M. Schwartzbach",
title="Genericity and Inheritance", institution="Computer Science
Department, Aarhus University", year=1990}

@techreport{pals90c, author="J. Palsberg and M. Schwartzbach",
title="What is Type-Safe Code Reuse?", institution="Computer Science
Department, Aarhus University", year=1990}

@techreport{pals90d, author="J. Palsberg and M. Schwartzbach",
title="A Unified Type System for Object-Oriented Programming",
institution="Computer Science Department, Aarhus University", year=1990}

@article{parn72, author="D. Parnas", title="On the Criteria to be Used
in Decomposing Systems into Modules", journal=cacm, volume=15, number=12,
month=dec, year=1972, pages="1053-1058"}

@article{parn83, author="D. Parnas", title="A Generalized Control Structure 
and its Formal Definition", journal=cacm, volume=26, number=8, month=aug, 
year=1983, pages="572-581"}

@article{parn86, author="D. Parnas and P. Clements", title="A rational
design process: how and why to fake it",
journal=tse, volume="SE--12", number=2, month=feb, year=1986,
pages="251-257"}

@article{parn90a, author="D. Parnas", title="Education for Computing
Professionals", journal="IEEE Computer", volume=23, number=1, month=jan,
year=1990, pages="17-22"}

@conference{parn90b, author="D. Parnas and Jan Madey", title="Functional
Documentation for Computer Systems", booktitle="Quality Engineering
Workshop", publisher="Bell Canada", year=1990}

@article{part83, author="H. Partsch and R. {Steinbr\"uggen}", title="Program
Transformation Systems", journal=surv, volume=15, number=3, month=sep,
year=1983, pages="199-236"}

@conference{pede89, author="C. Pedersen", title="Extending Ordinary 
Inheritance Schemes to Include Generalization", editor="N. Meyrowitz", 
booktitle=oops, year=1990, pages="407--417"}

@conference{pene86, author="M. Penedo", title="Prototyping a Project
Master Data Base for Software Engineering Environments", booktitle="Proc.
ACM Software Engineering Symp. on Practical Software Development
Environments", editor="P. Henderson", publisher="ACM", month=dec,
year=1986, pages="1-11", note="Also published in {\it SIGPLAN Notices},
22(1), January 1987"}

@book{pepp84, editor="P. Pepper", title="Program Transformation and 
Programming Environments: Report on a Workshop directed by F. L. Bauer and 
H. Remus", publisher="Springer", year=1984}

@book{peyt87, author="S. {Peyton Jones}", title="The Implementation of
Functional Programming Languages", publisher=phi, year=1987}

@conference{praw71, author="D. Prawitz", title="Ideas and results in proof 
theory", booktitle="Proc. Second Scandinavian Logic Symp.", 
editor="Fenstad", year=1971, pages="235-307"}

@article{pric90, author="J. Price", title="Is Computing Research
Isolated from Science?", journal="Computing Research News", volume=2,
number=2, month=apr, year=1990}

@conference{pugh90, author="W. Pugh and G. Weddell", title="Two-Directional 
Record Layout for Multiple Inheritance", booktitle=pldi, pages="85-91", 
year=1990}

% R -------------------------------------------------------------------

@article{raj89, author="R. Raj and H. Levy", title="A Compositional Model
for Software Reuse", journal="Computer Journal", volume=32, number=4,
pages="312-322", year=1989}

@conference{redd88, author="U. Reddy", title="Objects as closures: Abstract
semantics of object-oriented languages", booktitle=lfp, pages="289-297",
year=1988}

@article{rett92, author="M. Rettig", title="Practical programmer: interface 
design when you don't know how", journal=cacm, volume=35, number=1, 
month=jan, year=1992, pages="29--34"}

@inproceedings{royc70, author="W. W. Royce", title="Managing the
Development of Large Software Systems", booktitle="Proc. WESTCON",
year=1970}

@conference{rumb88, author="J. Rumbaugh", title="Controlling Propagation of 
Operations using Attributes on Relations", booktitle=oops, editor="N.
Meyrowitz", month=sep, year=1988, pages="285-296"}

% S -------------------------------------------------------------------

@article{saat79, author="T. Saaty", title="A Scaling Method for Priorities
in Hierarchical Structures", journal="J. Math. Psychology", volume=15,
pages="234-281", year=1979}

@book{saat80, author="T. Saaty", title="The Analytic Hierarchy Process",
publisher="McGraw-Hill", year=1980}

@conference{sakk88a, author="M. Sakkinen", title="On the Darker Side of
{{C++}}", booktitle="Proceedings of the 1988 European Conference of Object
Oriented Programming", publisher="Springer", note="LNCS 322", editor="S.
Gjessing and K. Nygaard", pages="162-176", year=1988}

@article{sakk88b, author="M. Sakkinen", title="Comments on ``the {L}aw of
{D}emeter'' and {C}++", journal=sigplan, volume=23, number=12,
pages="38-44", year=1988}

@book{sanc88, author="L. Sanchis", title="Reflexive Structures: an
Introduction to Computability Theory", publisher="Springer", year= 1988}

@conference{sand86, author="D. Sandberg", title="An Alternative to 
Subclassing", booktitle=oops, editor="N. Meyrowitz", month=sep, year=1986,
pages="424-428"}

@conference{scha86, author="C. Schaffert and others", title="An
Introduction to {Trellis/Owl}", booktitle=oops, editor="N. Meyrowitz",
pages="9-16", year=1986}

@book{schm86, author="D. Schmidt", title="Denotational Semantics: A 
Methodology for Language Development", publisher="Wm. C. Brown", year=1986}

@book{schn87, author="B. Schneiderman", title="Designing the User 
Interface", publisher=aw, year=1987}

@article{scho81, author="E. Schonberg and J. Schwartz and M. Sharir",
title="An Automatic Technique for Selection of Data Representation in
{SETL}", journal=toplas, volume=3, number=2, month=apr, year=1981,
pages="126--143"}

@conference{scot72, author="D. Scott", title="Lattice Theory, Data Types
and Semantics", booktitle="NYU Symp. Formal Semantics", editor="R.
Rustin", publisher="Prentice-Hall", address="New York", pages="64-106",
year=1972}

@conference{shil89, author="J. Shilling and P. Sweeney", title="Three
Steps to Views: Extending the Object-Oriented Paradigm", booktitle=oops,
editor="N. Meyrowitz", pages="353-361", year=1989}

@book{shoe67, author="J. Shoenfield", title="Mathematical Logic",
publisher=aw, year=1967}

@book{shri87, author="B. Shriver and P. Wegner", title="Research
Directions in Object-Oriented Programming", publisher="MIT Press",
year=1987}

@conference{smit87, author="K. Smith and S. Zdonik", title="Intermedia: a
Case Study of the Differences Between Relational and Object-Oriented
Database Systems", booktitle=oops, editor="N. Meyrowitz", month=oct,
year=1987, pages="452-465"}

@incollection{smul61, author="R. Smullyan", title="Theory of Formal
Systems", booktitle="Annals of Mathematics No. 47", publisher="Princeton",
year=1961}

@conference{snyd86, author="A. Snyder", title="Encapsulation and 
Inheritance in Object-Oriented Programming Languages", booktitle=oops, 
editor="N. Meyrowitz", month=sep, year=1986, pages="38-45"}

@incollection{snyd87, author="A. Snyder", title="Inheritance and the
Development of Encapsulated Software Systems", booktitle="Research
Directions in Object-Oriented Programming", editor="B. Shriver and P.
Wegner", publisher="MIT Press", pages="165-188", year=1987}

@book{somm89, author="I. Sommerville", title="Software Engineering",
publisher=aw, edition="Third", year=1989}

@book{spiv88, author="J. Spivey", title="Understanding Z", publisher=cup, 
year=1988}

@book{spiv89, author="J. Spivey", title="The Z Notation: A Reference 
Manual", publisher=phi, year=1989}

@conference{stei87, author="L. Stein", title="Delegation is Inheritance",
booktitle=oops, editor="N. Meyrowitz", publisher="ACM", pages="138-146",
year=1987}

@techreport{stei90, author="L. Stein and S. Zdonik", title="Clovers: the 
dynamic behavior of types and instances", institution="Unknown", year=1990}

@book{ster86, author="L. Sterling and E. Shapiro", title="The Art of
{P}rolog", publisher="MIT Press", series="Advanced Programming Techniques",
year=1986}

@book{stoy77, author="J. Stoy", title="Denotational Semantics: the
Scott-Strachey Approach to Programming Language Theory", publisher="MIT
Press", year=1977}

@incollection{stra66, author="C. Strachey", title="Towards a Formal
Semantics", booktitle="Formal Language Description Languages for Computer
Programming", editor="T. Steel", publisher="North-Holland",
address="Amsterdam", pages="198-220", year=1966}

@article{stra89, author="A. Straw and F. Mellender and S. Riegel",
title="Object Management in a Persistent {S}malltalk System.",
journal=spe, volume=19, number=8, pages="719-737", year=1989}

@article{stro83, author="B. Stroustrup", title="Adding Classes to the {C}
Language: an Exercise in Language Evolution", journal=spe, volume=13,
pages="139--161", year=1983}

@book{stro86, author="B. Stroustrup", title="The {C++} Programming
Language", publisher=aw, year=1986}

@conference{stro87a, author="B. Stroustrup", title="What is
``Object-Oriented Programming''?", booktitle=ecoop, publisher="Springer
LNCS 276", year=1987, pages="53--70"}

@conference{stro87b, author="B. Stroustrup", title="A Set of {C++} Classes
for Co-routine Style Programming", booktitle="{C++} Conference",
publisher="USENIX Association", month=nov, year=1987}

@conference{stro87c, author="B. Stroustrup", title="Multiple Inheritance in 
C++", booktitle="Proceedings of the European Unix Users Group Conference", 
year=1987, month=may, pages="189-207"}

@conference{stro88, author="B. Stroustrup", title="Parameterized Types for
{C++}", booktitle="{C++} Conference", publisher="USENIX Association",
month=oct, year=1988}

@article{stro89, author="B. Stroustrup", title="Parameterized Types for
{C++}", journal=joop, volume=1, number=5, month="January/February",
year=1989, pages="5-16"}

@conference{stro90, author="B. Stroustrup", title="Exception Handling for
{C++} (Revised)", booktitle="{C++} Conference", publisher="USENIX
Association", month=apr, year=1990}

% T -------------------------------------------------------------------

@article{taen89, author="D. Taenzer and Murthy Ganti and Sunil Podar",
title="Object-Oriented Software Reuse: The Yoyo Problem", journal=joop,
volume=2, number=3, pages="30-35", year=1989}

@techreport{taiv91a, author="A. Taivalsaari", title="Towards a Taxonomy of
Inheritance Mechanisms in Object-Oriented Programming", 
institution="University of {Jyv\"askyl\"a}, Finland", year=1991, month=sep, 
note="Licentiate Thesis"}

@conference{taiv91b, author="A. Taivalsaari", title="Object-oriented 
programming with modes", booktitle="European Conference on Object-Oriented 
Programming", year=1992, note="Submitted"}

@article{tenn77, author="R. Tennent", title="Language Design Methods Based
on Semantic Principles", journal="Acta Informatica", volume=8, number=2,
year=1977, pages="97-112"}

@conference{thor87, author="L.-E. Thorelli", title="Modules and Type 
Checking in {PL/LL}", booktitle=oops, editor="N. Meyrowitz", month=oct, 
year=1987, pages="268-276"}

@techreport{turn76, author="D. Turner", title="The {SASL} {L}angauge
{M}anual", institution="University of St. Andrews", year=1976}

@article{turn79, author="D. Turner", title="A new implementation technique
for applicative languages", journal=spe, volume=9, year=1979,
pages="31-49"}

@techreport{turn81, author="D. Turner", title="{KRC} Language Manual",
institution="University of Kent", year=1981}

@conference{turn85, author="D. Turner", title="Miranda: a non-strict
functional language with polymorphic types", booktitle="Proceedings of the
Second International Conference on Functional Programming Languages and
Computer Architecture", publisher="Springer LNCS 301", month=sep, year=1985}

@book{turn90, editor="D. Turner", title="Research Topics in Functional
Programming", publisher=aw, year=1990}

% U -------------------------------------------------------------------

@book{unga87, author="D. Ungar", title="The Design and Evaluation of a
High Performance {S}malltalk System", howpublished="ACM 1986 Distinguished
Dissertation", publisher="MIT Press", year=1987}

@conference{unga87a, author="D. Ungar and R. Smith", title="{SELF}: The 
Power of Simplicity", booktitle=oops, editor="N. Meyrowitz", year=1987, 
pages="49-70"}

% V -------------------------------------------------------------------

@phdthesis{mell80, author="W. van Melle", title="A Domain-independent
System that Aids in Constructing Knowledge-based Consultation Programs",
school="Stanford Univerity", year=1980}

@book{vick84, editor="C. Vick and C. Ramamoorthy", title="Handbook of
Software Engineering", publisher="Van Nostrand Reinhold Co.", year=1984}

@techreport{voda84, author="P. Voda", title="Theory of Pairs: Provably
Recursive Functions", number="84-25", institution="University of British
Columbia", year=1984}

@conference{voda85, author="P. Voda", title="A View of Programming
Languages as Symbiosis of Meaning and Computations", booktitle="New
Generation Computing", volume=3, publisher="Springer", pages="71-100",
year=1985}

@techreport{voda88a, author="P. Voda", title="Logical Foundations of
Trilogy", number="88-3", institution="Complete Logic Systems", year=1988}

@techreport{voda88b, author="P. Voda", title="The Logic of Interpreters
and Meta-calls", number="88-4", institution="Complete Logic Systems",
year=1988}

% W -------------------------------------------------------------------

@techreport{wadl85, author="P. Wadler", title="Strictness Analysis in
Non-flat Domains", institution="Programming Research Group, Oxford",
month=nov, year=1985}

@conference{wadl89, author="P. Wadler", title="How to Make {\em ad hoc\/}
Polymorphism Less {\em ad hoc}", booktitle=popl89, publisher="ACM",
pages="60-76", year=1989}

@incollection{wand89, author="Y. Wand", title="A Proposal for a Formal
Model of Objects", editor="W. Kim and F. Lochovsky",
booktitle="Object-Oriented Concepts, Databases, and Applications",
publisher="ACM Press (Addison-Wesley)", pages="537-559", year=1989}

@article{ward89, author="P. Ward", title="How to integrate object
orientation with structured analysis and design", journal=soft, month=mar, 
year=1989, pages="74-82"}

@phdthesis{wasi72, author="S.G. Wasilew", title="A compiler writing system
with optimization capabilities for complex order structures",
school="Northwestern University", year=1972, address="Evanston, Ill."}

@article{wass90, author="A. Wasserman and P. Pircher and R. Muller", 
title="The Object-Oriented Structured Design Notation for Software Design
Representation", journal=comp, volume=23, number=3, month=mar, year=1990, 
pages="50-63"}

@article{webs88, author="D. Webster", title="Mapping the Design
Information Representation Terrain", journal="IEEE Computer", volume=21,
number=12, year=1988, month=dec, pages="8-23"}

@incollection{wegn87, author="P. Wegner", title="The Object-Oriented
Classification Paradigm", booktitle="Research Directions in
Object-Oriented Programming", editor="B. Shriver and P. Wegner",
publisher="MIT Press", pages="479-560", year=1987}

@article{wegn90, author="P. Wegner", title="Concepts and Paradigms of
Object Oriented Programming", journal="OOPS Messenger", volume=1,
number=1, month=aug, year=1990, pages="7--87"}

@phdthesis{wein73, author="S.W. Weingart", title="An efficient and
systematic method of compiler code generation", school="Yale University",
year=1973, address="New Haven, Conn."}

@article{wels77, author="J. Welsh and W. Sneeringer and C. Hoare",
title="Ambiguities and Insecurities in {Pascal}", journal=spe, volume=7,
year=1977, pages="685-696"}

@conference{wils89, author="P. Wilson and T. Moher", title="Design of the
Opportunistic Garbage Collector", booktitle=oops, editor="N. Meyrowitz",
pages="23-36", year=1989}

@conference{wirf89, author="R. Wirfs-Brock and B. Wilkerson",
title="Object Oriented Design: a Responsibility Driven Approach",
booktitle=oops, edor="N. Meyrowitz", pages="71-75", year=1989}

@book{wirf90, author="R. Wirfs-Brock and B. Wilkerson and L. Wiener",
title="Designing Object-Oriented Software", publisher="Prentice Hall",
year=1990}

@article{wirf90a, author="R. Wirfs-Brock and R. Johnson", title="Surveying
Current Research in Object Oriented Design", journal=cacm, volume=33, number=9, month=sep, year=1990,
pages="104--124"}

@book{wirt76, author="N. Wirth", title="Algorithms + Data Structures =
Programs", publisher="Prentice Hall", year=1976}

@book{wirt82, author="N. Wirth", title="Programming in Modula-2",
publisher="Springer", year=1982}

@article{wirt88, author="N. Wirth", title="Type extensions",
journal=toplas, volume=10, number=2, pages="201-214", year=1988}

@conference{woli91, author="F. Wolinski and {J.-F.} Perrot", 
title="Representation of Complex Objects: Multiple-Facets with Part-Whole 
Hierarchies", booktitle=ecoop, publisher="Springer", editor="P. America", 
year=1991, pages="288-306"}

% Y -------------------------------------------------------------------

@article{yell89, author="P. Yelland", title="First Steps Towards Fully
Abstract Semantics for Object-Oriented Languages", journal="Computer
Journal", volume=32, number=4, pages="290-296", year=1989}

% Z -------------------------------------------------------------------

@article{zave82, author="P. Zave", title="An operational approach to
requirements specification for embedded systems", journal=tse, month=may, 
year=1982, pages="250-269"}

@article{zave84, author="P. Zave", title="The operational versus the
conventional approach to software development", journal=tse, month=feb,
year=1984, pages="104-118"}
