@article{Zorn90, author="Benjamin Zorn", title="Comparing
Mark-and-sweep and Stop-and-copy Garbage Collection", journal=lfp,
year=1990, pages="87-98", month=jun}

@article{Boehm88, author="Hans-Juergen Boehm and Mark Weiser",
title="Garbage Collection in an Uncooperative Environment",
journal=spe, pages="807-820", year=1988, volume=18, month=sep}

@inproceedings{Goldberg91, author="Benjamin Goldberg", title="Tag-Free
Garbage Collection for Strongly Typed Programming Languages",
booktitle=pldi, year=1991, pages="165-175", month=jun}

@article{Ungar84, author="David Ungar", title="Generation Scavenging:
A Non-disruptive High Performance Storage Reclamation Algorithm",
journal="SIGSOFT/SIGPLAN Practical Programming Environments
Conference", pages="157-167", year=1984, month=sep}

@inproceedings{Dony90, author="Christophe Dony", title="Exception
Handling and Object Oriented Programming: towards a synthesis.",
booktitle="ECOOP/OOPSLA '90 Proceedings", pages="322-330",
month=oct, year=1990}

@article{Appel89, author="Andrew W. Appel", title="Simple Generational
Garbage Collection and Fast Allocation", journal=spe, year=1989,
month=feb, pages="171-183"}

@article{Cohen83, author="Jacques Cohen and Alexandru Nicolau",
title="Comparison of Compacting Algorithms for Garbage Collection",
journal=toplas, year=1983, pages="532-553", month=oct}

@article{Amsterdam91, author="Jonathan Amsterdam", title="Taking
Exception to {C}", journal="Byte", year=1991, month=aug}

@article{Fraser91, author="Chrisopher W. Fraser and David R. Hanson", 
title="A Retargetable Compiler for {ANSI C}", journal=sigplan, volume=26,
year=1991, month=oct, pages="29-43"}

@inproceedings{Grogono92, author="Peter Grogono and Benjamin Cheung",
title="A Semantic Browser for Object Oriented Program Development",
booktitle="25th Hawaii International Conference on System Sciences",
month=jan, year=1992}

@article{Waite86, author="W. M. Waite", title="The Cost of Lexical
Analysis", journal=spe, year=1986, pages="473-488", month=may}

@inproceedings{Wilson91, author="Paul R. Wilson and Michael S. Lam and
Thomas G. Moher", title="Effective {Static-graph} Reorganization to
Improve Locality in Garbage Collected Systems", booktitle=pldi,
year=1991, month=jun, pages="177-191"}

@article{Cichelli80, author="Richard J. Cichelli", title="Minimal
Perfect Hash Functions Made Simple", journal=cacm, year=1980,
volume=23, month=jan}

@inproceedings{Chambers91, author="Craig Chambers and David Ungar",
title="Making Pure Object-Oriented Languages Practical",
booktitle="OOPSLA'91", year=1991, pages="1-15"}

@article{Grogono90, author="Peter Grogono", title="Issues in the
Design of an Object Oriented Programming Language",
journal="Structured Programming", month=jan, year=1991, volume=12,
number=1, pages="1-15"}


@incollection{Nygaard81, author="K. Nygaard and O-J. Dahl", title="The
Development of the {SIMULA} Language", booktitle="History of Programming
Languages", publisher="Academic Press", year=1981, editor="R. Wexelblat",
chapter="IX", pages="439-493"}

@book{Sommerville89, author="I. Sommerville", title="Software Engineering",
publisher=aw, edition="Third", year=1989}

@book{Meyer88, author="B. Meyer", title="Object-oriented Software
Construction", publisher=phi, year=1988}

@book{Fisher88, author="Charles N. Fisher and Richard J. LeBlanc",
title="Crafting A Compiler", publisher="The Benjamin Cummings
Publishing Company", year=1988}

@book{Goldberg83, author="Adele Goldberg and David Robson",
title="Smalltalk-80: The language and its Implementation",
publisher=aw, year=1983}

@book{Booch83, author="Grady Booch", title="Software Engineering with
Ada", publisher="Benjamin Cummings Publishing Co.", year=1983}

@article{Liskov81, author="Barbara H. Liskov and Alan Snyder",
title="Exception Handling in {CLU}", journal=tse, volume="SE-5", nomber=6,
pages="546-558", year=1981}

@inproceedings{Sakkinen88, author="M. Sakkinen", title="On the Darker
Side of {C}++", booktitle=ecoop, publisher="Springer", pages="162-176",
year=1988}

@article{Lieberman83, author="Henry Lieberman and Carl Hewitt",
title="A Real Time Garbage Collector Based on the Lifetimes of
Objects", journal=cacm, volume=26, pages="419-429", year=1983,
month=jun}

@article{Collins60, author="G. E. Collins", title="A method for
Overlapping and Erasure of Lists", journal=cacm, pages="655-657",
year=1960}

@inproceedings{Ungar88, author="David Ungar and Frank Jackson",
title="Tenuring Policies for Generation-Based Storage Reclamation",
booktitle="OOPSLA '88 Proceedings", year=1988, month=sep,
pages="1-17"}

@book{Aho86, author="Aho, A. V. and Sethi, R. and Ullman, J. D.",
title="Compilers: Principles, Techniques, and Tools", publisher=aw,
year=1986}

@mastersthesis{Bcheung92, author="Benjamin Cheung", title="Dee: An Object
Oriented Programming Environment and its Implementation", year=1992,
school="Concordia University"}

@article{Mccarthy60, author="J. McCarthy", title="Recursive Functions
of Symbolic Expressions and Their Computation by Machine",
journal=cacm, year=1960, pages="184-195"}

@techreport{Lesk75, author="M. E. Lesk", title="LEX---a lexical
analyzer generator", institution="Bell Telephone Laboratories",
year=1975, address="Murray Hill, NJ", number=39, type="Computer Science
Technical Report"}

@incollection{Branquart70, author="P. Branquart and J. Lewis",
title="A Scheme of Storage Allocation and Garbage Collection for
Algol-68", booktitle="Algol-68 Implementation",
publisher="North-Holland Publishing Company", year=1970}

@incollection{Marshall70, author="S. Marshall", title="An {A}lgol-68
Garbage Collector", booktitle="Algol-68 Implementation",
publisher="North-Holland Publishing Company", year=1970}
